<?xml version="1.0" encoding="UTF-8"?><record xmlns="http://www.loc.gov/MARC21/slim" xmlns:cinclude="http://apache.org/cocoon/include/1.0" xmlns:zs="http://www.loc.gov/zing/srw/">
  <leader>00392cz  a2200133n  4500</leader>
  <controlfield tag="001">n 2004036995</controlfield>
  <controlfield tag="003">DLC</controlfield>
  <controlfield tag="005">20120205074857.0</controlfield>
  <controlfield tag="008">040105n| acannaabn          |n aaa      </controlfield>
  <datafield tag="010" ind1=" " ind2=" ">
    <subfield code="a">n 2004036995</subfield>
  </datafield>
  <datafield tag="040" ind1=" " ind2=" ">
    <subfield code="a">DLC</subfield>
    <subfield code="b">eng</subfield>
    <subfield code="c">DLC</subfield>
    <subfield code="d">DLC</subfield>
  </datafield>
  <datafield tag="053" ind1=" " ind2="0">
    <subfield code="a">PS3620.H646</subfield>
  </datafield>
  <datafield tag="100" ind1="1" ind2=" ">
    <subfield code="a">Thomason, Dustin</subfield>
  </datafield>
  <datafield tag="670" ind1=" " ind2=" ">
    <subfield code="a">Caldwell, Ian. The rule of four, 2004:</subfield>
    <subfield code="b">CIP t.p. (Dustin Thomason) pub. info (lives in New York City)</subfield>
  </datafield>
</record>